<record><leader>00000cas a2200000 a 4500</leader><controlfield tag="001">36482888</controlfield><controlfield tag="008">970304d196919uumiuzr n       0    0eng c</controlfield><datafield ind1=" " ind2=" " tag="010"><subfield code="a">sn 97063260 </subfield></datafield><datafield ind1=" " ind2=" " tag="040"><subfield code="a">MHN</subfield><subfield code="b">eng</subfield><subfield code="c">MHN</subfield><subfield code="d">OCL</subfield><subfield code="d">OCLCQ</subfield><subfield code="d">OCLCF</subfield><subfield code="d">OCLCO</subfield></datafield><datafield ind1="1" ind2=" " tag="029"><subfield code="a">AU@</subfield><subfield code="b">000013137002</subfield></datafield><datafield ind1=" " ind2=" " tag="042"><subfield code="a">pcc</subfield></datafield><datafield ind1=" " ind2=" " tag="043"><subfield code="a">n-us-mi</subfield></datafield><datafield ind1="0" ind2="0" tag="245"><subfield code="a">Michigan north.</subfield></datafield><datafield ind1=" " ind2=" " tag="260"><subfield code="a">Gaylord, Mich. :</subfield><subfield code="b">William Koelzer, ed.</subfield></datafield><datafield ind1=" " ind2=" " tag="300"><subfield code="a">v.</subfield></datafield><datafield ind1=" " ind2=" " tag="310"><subfield code="a">Nine times during the summer.</subfield></datafield><datafield ind1="1" ind2=" " tag="362"><subfield code="a">June 14, 1969-</subfield></datafield><datafield ind1=" " ind2=" " tag="500"><subfield code="a">Published 9 times during the summer. Publication dates: June 14,28; July 12, 19,26; Aug. 2,9,16,23.</subfield></datafield><datafield ind1=" " ind2=" " tag="515"><subfield code="a">No date or numbering designation on issues.</subfield></datafield><datafield ind1=" " ind2="0" tag="651"><subfield code="a">Gaylord (Mich.)</subfield><subfield code="v">Newspapers.</subfield></datafield><datafield ind1=" " ind2="0" tag="651"><subfield code="a">Otsego County (Mich.)</subfield><subfield code="v">Newspapers.</subfield></datafield><datafield ind1=" " ind2="7" tag="655"><subfield code="a">Newspapers.</subfield><subfield code="2">fast</subfield><subfield code="0">(OCoLC)fst01423814</subfield></datafield><datafield ind1=" " ind2="7" tag="651"><subfield code="a">Michigan</subfield><subfield code="z">Gaylord.</subfield><subfield code="2">fast</subfield><subfield code="0">(OCoLC)fst01228858</subfield></datafield><datafield ind1=" " ind2="7" tag="651"><subfield code="a">Michigan</subfield><subfield code="z">Otsego County.</subfield><subfield code="2">fast</subfield><subfield code="0">(OCoLC)fst01214748</subfield></datafield><datafield ind1=" " ind2=" " tag="752"><subfield code="a">United States</subfield><subfield code="b">Michigan</subfield><subfield code="c">Otsego</subfield><subfield code="d">Gaylord.</subfield></datafield></record>